@article{catlin1979hajos,
  title={Haj{\'o}s' graph-coloring conjecture: variations and counterexamples},
  author={Catlin, Paul A},
  journal={Journal of Combinatorial Theory, Series B},
  volume={26},
  number={2},
  pages={268--274},
  year={1979},
  publisher={Elsevier}
}

@online{matroids,
  author = {Hiroyuki Miyata and Sonoko Moriyama and Komei Fukuda},
  title = {Classification of Oriented Matroids},
  url = {http://www-imai.is.s.u-tokyo.ac.jp/~hmiyata/oriented_matroids/},
  urldate = {2020-01-03}
}


@article{SteinJoyner2005,
  author       = {Stein, William and Joyner, David},
  date         = {2005},
  journaltitle = {ACM SIGSAM Bulletin},
  url         = {http://www.sagemath.org/files/sage_stein2005.pdf},
  number       = {2},
  pages        = {61--64},
  title        = {{SAGE}: System for Algebra and Geometry Experimentation},
  volume       = {39},
}

@online{kal14,
   author = {Gil Kalai},
   title = {Coloring Simple Polytopes and Triangulations},
   year = {2014},
   url = {https://gilkalai.wordpress.com/2014/12/06/coloring-simple-polytopes-and-triangulations/}
}

@online{repo,
   author = {Julien Ugon},
   title = {Github Repository},
   url = {https://github.com/ugonj/Graphs-of-Polytopes},
}
